%YAML 1.1
%TAG !u! tag:unity3d.com,2011:
--- !u!1001 &3210491230902252784
PrefabInstance:
  m_ObjectHideFlags: 0
  serializedVersion: 2
  m_Modification:
    m_TransformParent: {fileID: 0}
    m_Modifications:
    - target: {fileID: 2734412837141193032, guid: 6cb20c8809c50d944a210314bc047509,
        type: 3}
      propertyPath: m_LocalPosition.y
      value: 0.4849
      objectReference: {fileID: 0}
    - target: {fileID: 6155506234434605529, guid: 6cb20c8809c50d944a210314bc047509,
        type: 3}
      propertyPath: m_Name
      value: Frying Counter
      objectReference: {fileID: 0}
    - target: {fileID: 6155506234434605530, guid: 6cb20c8809c50d944a210314bc047509,
        type: 3}
      propertyPath: m_RootOrder
      value: 0
      objectReference: {fileID: 0}
    - target: {fileID: 6155506234434605530, guid: 6cb20c8809c50d944a210314bc047509,
        type: 3}
      propertyPath: m_LocalPosition.x
      value: 0
      objectReference: {fileID: 0}
    - target: {fileID: 6155506234434605530, guid: 6cb20c8809c50d944a210314bc047509,
        type: 3}
      propertyPath: m_LocalPosition.y
      value: 0
      objectReference: {fileID: 0}
    - target: {fileID: 6155506234434605530, guid: 6cb20c8809c50d944a210314bc047509,
        type: 3}
      propertyPath: m_LocalPosition.z
      value: 0
      objectReference: {fileID: 0}
    - target: {fileID: 6155506234434605530, guid: 6cb20c8809c50d944a210314bc047509,
        type: 3}
      propertyPath: m_LocalRotation.w
      value: 0
      objectReference: {fileID: 0}
    - target: {fileID: 6155506234434605530, guid: 6cb20c8809c50d944a210314bc047509,
        type: 3}
      propertyPath: m_LocalRotation.x
      value: 0
      objectReference: {fileID: 0}
    - target: {fileID: 6155506234434605530, guid: 6cb20c8809c50d944a210314bc047509,
        type: 3}
      propertyPath: m_LocalRotation.y
      value: 1
      objectReference: {fileID: 0}
    - target: {fileID: 6155506234434605530, guid: 6cb20c8809c50d944a210314bc047509,
        type: 3}
      propertyPath: m_LocalRotation.z
      value: 0
      objectReference: {fileID: 0}
    - target: {fileID: 6155506234434605530, guid: 6cb20c8809c50d944a210314bc047509,
        type: 3}
      propertyPath: m_LocalEulerAnglesHint.x
      value: 0
      objectReference: {fileID: 0}
    - target: {fileID: 6155506234434605530, guid: 6cb20c8809c50d944a210314bc047509,
        type: 3}
      propertyPath: m_LocalEulerAnglesHint.y
      value: 180
      objectReference: {fileID: 0}
    - target: {fileID: 6155506234434605530, guid: 6cb20c8809c50d944a210314bc047509,
        type: 3}
      propertyPath: m_LocalEulerAnglesHint.z
      value: 0
      objectReference: {fileID: 0}
    m_RemovedComponents: []
  m_SourcePrefab: {fileID: 100100000, guid: 6cb20c8809c50d944a210314bc047509, type: 3}
--- !u!4 &684372593196586424 stripped
Transform:
  m_CorrespondingSourceObject: {fileID: 2734412837141193032, guid: 6cb20c8809c50d944a210314bc047509,
    type: 3}
  m_PrefabInstance: {fileID: 3210491230902252784}
  m_PrefabAsset: {fileID: 0}
--- !u!4 &3827916563831967927 stripped
Transform:
  m_CorrespondingSourceObject: {fileID: 1842685928710513735, guid: 6cb20c8809c50d944a210314bc047509,
    type: 3}
  m_PrefabInstance: {fileID: 3210491230902252784}
  m_PrefabAsset: {fileID: 0}
--- !u!1 &8782358529219634473 stripped
GameObject:
  m_CorrespondingSourceObject: {fileID: 6155506234434605529, guid: 6cb20c8809c50d944a210314bc047509,
    type: 3}
  m_PrefabInstance: {fileID: 3210491230902252784}
  m_PrefabAsset: {fileID: 0}
--- !u!114 &8344276276441199619
MonoBehaviour:
  m_ObjectHideFlags: 0
  m_CorrespondingSourceObject: {fileID: 0}
  m_PrefabInstance: {fileID: 0}
  m_PrefabAsset: {fileID: 0}
  m_GameObject: {fileID: 8782358529219634473}
  m_Enabled: 1
  m_EditorHideFlags: 0
  m_Script: {fileID: 11500000, guid: 8560b7296a2acca4c9f7a840835e577c, type: 3}
  m_Name: 
  m_EditorClassIdentifier: 
  counterTopPosition: {fileID: 684372593196586424}
  fryingRecipeSO:
  - {fileID: 11400000, guid: 5c6e17a26eb3c8748ac3ec4e595b4fec, type: 2}
  - {fileID: 11400000, guid: ad05267e8eb7a3b4cb3ba88583949de3, type: 2}
  progressBarUI: {fileID: 6284427272427079954}
--- !u!4 &8782358529219634474 stripped
Transform:
  m_CorrespondingSourceObject: {fileID: 6155506234434605530, guid: 6cb20c8809c50d944a210314bc047509,
    type: 3}
  m_PrefabInstance: {fileID: 3210491230902252784}
  m_PrefabAsset: {fileID: 0}
--- !u!1001 &6619342008302305523
PrefabInstance:
  m_ObjectHideFlags: 0
  serializedVersion: 2
  m_Modification:
    m_TransformParent: {fileID: 8782358529219634474}
    m_Modifications:
    - target: {fileID: 2889525177635128786, guid: 4a13f0afa9c6aba43a1aca68eebd9674,
        type: 3}
      propertyPath: m_Name
      value: Progress Bar UI
      objectReference: {fileID: 0}
    - target: {fileID: 4504658138652370764, guid: 4a13f0afa9c6aba43a1aca68eebd9674,
        type: 3}
      propertyPath: m_Pivot.x
      value: 0.5
      objectReference: {fileID: 0}
    - target: {fileID: 4504658138652370764, guid: 4a13f0afa9c6aba43a1aca68eebd9674,
        type: 3}
      propertyPath: m_Pivot.y
      value: 0.5
      objectReference: {fileID: 0}
    - target: {fileID: 4504658138652370764, guid: 4a13f0afa9c6aba43a1aca68eebd9674,
        type: 3}
      propertyPath: m_RootOrder
      value: 2
      objectReference: {fileID: 0}
    - target: {fileID: 4504658138652370764, guid: 4a13f0afa9c6aba43a1aca68eebd9674,
        type: 3}
      propertyPath: m_AnchorMax.x
      value: 0
      objectReference: {fileID: 0}
    - target: {fileID: 4504658138652370764, guid: 4a13f0afa9c6aba43a1aca68eebd9674,
        type: 3}
      propertyPath: m_AnchorMax.y
      value: 0
      objectReference: {fileID: 0}
    - target: {fileID: 4504658138652370764, guid: 4a13f0afa9c6aba43a1aca68eebd9674,
        type: 3}
      propertyPath: m_AnchorMin.x
      value: 0
      objectReference: {fileID: 0}
    - target: {fileID: 4504658138652370764, guid: 4a13f0afa9c6aba43a1aca68eebd9674,
        type: 3}
      propertyPath: m_AnchorMin.y
      value: 0
      objectReference: {fileID: 0}
    - target: {fileID: 4504658138652370764, guid: 4a13f0afa9c6aba43a1aca68eebd9674,
        type: 3}
      propertyPath: m_SizeDelta.x
      value: 0
      objectReference: {fileID: 0}
    - target: {fileID: 4504658138652370764, guid: 4a13f0afa9c6aba43a1aca68eebd9674,
        type: 3}
      propertyPath: m_SizeDelta.y
      value: 0
      objectReference: {fileID: 0}
    - target: {fileID: 4504658138652370764, guid: 4a13f0afa9c6aba43a1aca68eebd9674,
        type: 3}
      propertyPath: m_LocalPosition.x
      value: 0
      objectReference: {fileID: 0}
    - target: {fileID: 4504658138652370764, guid: 4a13f0afa9c6aba43a1aca68eebd9674,
        type: 3}
      propertyPath: m_LocalPosition.y
      value: 0
      objectReference: {fileID: 0}
    - target: {fileID: 4504658138652370764, guid: 4a13f0afa9c6aba43a1aca68eebd9674,
        type: 3}
      propertyPath: m_LocalPosition.z
      value: -0.2
      objectReference: {fileID: 0}
    - target: {fileID: 4504658138652370764, guid: 4a13f0afa9c6aba43a1aca68eebd9674,
        type: 3}
      propertyPath: m_LocalRotation.w
      value: 0
      objectReference: {fileID: 0}
    - target: {fileID: 4504658138652370764, guid: 4a13f0afa9c6aba43a1aca68eebd9674,
        type: 3}
      propertyPath: m_LocalRotation.x
      value: 0
      objectReference: {fileID: 0}
    - target: {fileID: 4504658138652370764, guid: 4a13f0afa9c6aba43a1aca68eebd9674,
        type: 3}
      propertyPath: m_LocalRotation.y
      value: 1
      objectReference: {fileID: 0}
    - target: {fileID: 4504658138652370764, guid: 4a13f0afa9c6aba43a1aca68eebd9674,
        type: 3}
      propertyPath: m_LocalRotation.z
      value: 0
      objectReference: {fileID: 0}
    - target: {fileID: 4504658138652370764, guid: 4a13f0afa9c6aba43a1aca68eebd9674,
        type: 3}
      propertyPath: m_AnchoredPosition.x
      value: 0
      objectReference: {fileID: 0}
    - target: {fileID: 4504658138652370764, guid: 4a13f0afa9c6aba43a1aca68eebd9674,
        type: 3}
      propertyPath: m_AnchoredPosition.y
      value: 0.652
      objectReference: {fileID: 0}
    - target: {fileID: 4504658138652370764, guid: 4a13f0afa9c6aba43a1aca68eebd9674,
        type: 3}
      propertyPath: m_LocalEulerAnglesHint.x
      value: 0
      objectReference: {fileID: 0}
    - target: {fileID: 4504658138652370764, guid: 4a13f0afa9c6aba43a1aca68eebd9674,
        type: 3}
      propertyPath: m_LocalEulerAnglesHint.y
      value: 180
      objectReference: {fileID: 0}
    - target: {fileID: 4504658138652370764, guid: 4a13f0afa9c6aba43a1aca68eebd9674,
        type: 3}
      propertyPath: m_LocalEulerAnglesHint.z
      value: 0
      objectReference: {fileID: 0}
    - target: {fileID: 5600487665870297019, guid: 4a13f0afa9c6aba43a1aca68eebd9674,
        type: 3}
      propertyPath: m_IsActive
      value: 1
      objectReference: {fileID: 0}
    m_RemovedComponents: []
  m_SourcePrefab: {fileID: 100100000, guid: 4a13f0afa9c6aba43a1aca68eebd9674, type: 3}
--- !u!114 &6284427272427079954 stripped
MonoBehaviour:
  m_CorrespondingSourceObject: {fileID: 930667540817185249, guid: 4a13f0afa9c6aba43a1aca68eebd9674,
    type: 3}
  m_PrefabInstance: {fileID: 6619342008302305523}
  m_PrefabAsset: {fileID: 0}
  m_GameObject: {fileID: 0}
  m_Enabled: 1
  m_EditorHideFlags: 0
  m_Script: {fileID: 11500000, guid: 0842efbb60d61c748875a955535b4866, type: 3}
  m_Name: 
  m_EditorClassIdentifier: 
--- !u!1001 &8975456174334694127
PrefabInstance:
  m_ObjectHideFlags: 0
  serializedVersion: 2
  m_Modification:
    m_TransformParent: {fileID: 3827916563831967927}
    m_Modifications:
    - target: {fileID: -8679921383154817045, guid: b746c977deca63242bf47740833c23b3,
        type: 3}
      propertyPath: m_RootOrder
      value: 0
      objectReference: {fileID: 0}
    - target: {fileID: -8679921383154817045, guid: b746c977deca63242bf47740833c23b3,
        type: 3}
      propertyPath: m_LocalScale.x
      value: 0.2
      objectReference: {fileID: 0}
    - target: {fileID: -8679921383154817045, guid: b746c977deca63242bf47740833c23b3,
        type: 3}
      propertyPath: m_LocalScale.y
      value: 0.2
      objectReference: {fileID: 0}
    - target: {fileID: -8679921383154817045, guid: b746c977deca63242bf47740833c23b3,
        type: 3}
      propertyPath: m_LocalScale.z
      value: 0.2
      objectReference: {fileID: 0}
    - target: {fileID: -8679921383154817045, guid: b746c977deca63242bf47740833c23b3,
        type: 3}
      propertyPath: m_LocalPosition.x
      value: 0
      objectReference: {fileID: 0}
    - target: {fileID: -8679921383154817045, guid: b746c977deca63242bf47740833c23b3,
        type: 3}
      propertyPath: m_LocalPosition.y
      value: 0
      objectReference: {fileID: 0}
    - target: {fileID: -8679921383154817045, guid: b746c977deca63242bf47740833c23b3,
        type: 3}
      propertyPath: m_LocalPosition.z
      value: 0
      objectReference: {fileID: 0}
    - target: {fileID: -8679921383154817045, guid: b746c977deca63242bf47740833c23b3,
        type: 3}
      propertyPath: m_LocalRotation.w
      value: 0.7071068
      objectReference: {fileID: 0}
    - target: {fileID: -8679921383154817045, guid: b746c977deca63242bf47740833c23b3,
        type: 3}
      propertyPath: m_LocalRotation.x
      value: 0
      objectReference: {fileID: 0}
    - target: {fileID: -8679921383154817045, guid: b746c977deca63242bf47740833c23b3,
        type: 3}
      propertyPath: m_LocalRotation.y
      value: 0.7071068
      objectReference: {fileID: 0}
    - target: {fileID: -8679921383154817045, guid: b746c977deca63242bf47740833c23b3,
        type: 3}
      propertyPath: m_LocalRotation.z
      value: 0
      objectReference: {fileID: 0}
    - target: {fileID: -8679921383154817045, guid: b746c977deca63242bf47740833c23b3,
        type: 3}
      propertyPath: m_LocalEulerAnglesHint.x
      value: 0
      objectReference: {fileID: 0}
    - target: {fileID: -8679921383154817045, guid: b746c977deca63242bf47740833c23b3,
        type: 3}
      propertyPath: m_LocalEulerAnglesHint.y
      value: 90
      objectReference: {fileID: 0}
    - target: {fileID: -8679921383154817045, guid: b746c977deca63242bf47740833c23b3,
        type: 3}
      propertyPath: m_LocalEulerAnglesHint.z
      value: 0
      objectReference: {fileID: 0}
    - target: {fileID: -8679921383154817045, guid: b746c977deca63242bf47740833c23b3,
        type: 3}
      propertyPath: m_ConstrainProportionsScale
      value: 1
      objectReference: {fileID: 0}
    - target: {fileID: 919132149155446097, guid: b746c977deca63242bf47740833c23b3,
        type: 3}
      propertyPath: m_Name
      value: Frying Counter
      objectReference: {fileID: 0}
    m_RemovedComponents: []
  m_SourcePrefab: {fileID: 100100000, guid: b746c977deca63242bf47740833c23b3, type: 3}
